@manual{bloom_filter,
    title = {Bloom Filters by Example},
    url = {https://llimllib.github.io/bloomfilter-tutorial/}
}

@manual{kmer,
    title = {k-mer Counting, part I: Introduction},
    year = {2018},
    url = {https://bioinfologics.github.io/post/2018/09/17/k-mer-counting-part-i-introduction/}
}

@article{kbf,
  title = {Improving Bloom Filter Performance on Sequence Data Using k-mer Bloom Filters},
  year = {2016},
  url = {https://www.researchgate.net/publication/309827965_Improving_Bloom_Filter_Performance_on_Sequence_Data_Using_k-mer_Bloom_Filters}
}
